<record><leader>00000cas a2200000 a 4500</leader><controlfield tag="001">4854323</controlfield><controlfield tag="007">hd afu---bucu</controlfield><controlfield tag="007">hd bfu---bubu</controlfield><controlfield tag="008">790413u1938uuuuwaumr naa     0   a0eng c</controlfield><datafield ind1=" " ind2=" " tag="010"><subfield code="a">  2013252366</subfield></datafield><datafield ind1=" " ind2=" " tag="040"><subfield code="a">WAU</subfield><subfield code="b">eng</subfield><subfield code="c">WAU</subfield><subfield code="d">OCL</subfield><subfield code="d">OCLCQ</subfield><subfield code="d">WAU</subfield><subfield code="d">OCLCF</subfield><subfield code="d">OCLCQ</subfield></datafield><datafield ind1=" " ind2=" " tag="042"><subfield code="a">pcc</subfield></datafield><datafield ind1=" " ind2=" " tag="043"><subfield code="a">n-us-wa</subfield></datafield><datafield ind1="0" ind2="0" tag="245"><subfield code="a">Republican call.</subfield></datafield><datafield ind1=" " ind2=" " tag="260"><subfield code="a">Seattle, Wash. :</subfield><subfield code="b">Republican Call</subfield></datafield><datafield ind1=" " ind2=" " tag="300"><subfield code="a">volumes :</subfield><subfield code="b">illustrations</subfield></datafield><datafield ind1=" " ind2=" " tag="310"><subfield code="a">Monthly</subfield></datafield><datafield ind1=" " ind2=" " tag="336"><subfield code="a">text</subfield><subfield code="b">txt</subfield><subfield code="2">rdacontent</subfield></datafield><datafield ind1=" " ind2=" " tag="337"><subfield code="a">microform</subfield><subfield code="b">h</subfield><subfield code="2">rdamedia</subfield></datafield><datafield ind1=" " ind2=" " tag="338"><subfield code="a">microfilm reel</subfield><subfield code="b">hd</subfield><subfield code="2">rdacarrier</subfield></datafield><datafield ind1="1" ind2=" " tag="362"><subfield code="a">Began with: Vol. 7, no. 19 (July 8, 1938).</subfield></datafield><datafield ind1=" " ind2=" " tag="500"><subfield code="a">"The official organ of the Republican Party of King County."</subfield></datafield><datafield ind1=" " ind2=" " tag="588"><subfield code="a">Description based on: Vol. 7, no. 19 (July 8, 1938); title from masthead.</subfield></datafield><datafield ind1=" " ind2=" " tag="588"><subfield code="a">Latest issue consulted: Vol. 49, no. 11 (Nov. 1977).</subfield></datafield><datafield ind1=" " ind2=" " tag="533"><subfield code="a">Microfilm.</subfield><subfield code="b">Seattle :</subfield><subfield code="c">University of Washington Library,</subfield><subfield code="d">1983.</subfield><subfield code="e">microfilm reel ; 35 mm : negative.</subfield></datafield><datafield ind1=" " ind2="0" tag="651"><subfield code="a">King County (Wash.)</subfield><subfield code="v">Newspapers.</subfield></datafield><datafield ind1="2" ind2="0" tag="610"><subfield code="a">Republican Party (King County, Wash.)</subfield><subfield code="v">Newspapers.</subfield></datafield><datafield ind1="2" ind2="7" tag="610"><subfield code="a">Republican Party (King County, Wash.)</subfield><subfield code="2">fast</subfield><subfield code="0">(OCoLC)fst00641235</subfield></datafield><datafield ind1=" " ind2="7" tag="651"><subfield code="a">Washington (State)</subfield><subfield code="z">King County.</subfield><subfield code="2">fast</subfield><subfield code="0">(OCoLC)fst01206427</subfield></datafield><datafield ind1=" " ind2="7" tag="655"><subfield code="a">Newspapers.</subfield><subfield code="2">fast</subfield><subfield code="0">(OCoLC)fst01423814</subfield></datafield><datafield ind1=" " ind2=" " tag="752"><subfield code="a">United States</subfield><subfield code="b">Washington (State)</subfield><subfield code="c">King</subfield><subfield code="d">Seattle.</subfield></datafield><datafield ind1="1" ind2=" " tag="776"><subfield code="t">Republican call</subfield><subfield code="w">(DLC)sn 88085599</subfield><subfield code="w">(OCoLC)17660250</subfield></datafield><datafield ind1="0" ind2="0" tag="780"><subfield code="t">Republican state call</subfield><subfield code="w">(DLC)  2013252367</subfield><subfield code="w">(OCoLC)854667199</subfield></datafield></record>